@article{Kaestli1993,
	Author = {Jean-Daniel Kaestli},
	Journal = {Apocrypha},
	Number = {3},
	Pages = {111-123},
	Subtitle = {à propos d'un récent article de K. Schäferdiek},
	Title = {Le rapport entre les deux vies latines de l'apôtre Jean},
	Year = {1993}}
